@misc{mitchell1997machine,
  title={Machine learning. WCB},
  author={Mitchell, Tom M},
  year={1997},
  publisher={McGraw-Hill Boston, MA:}
}
%%%%%%%%%%%%%%%%%%%%%%%%%%%%%%%%%%%%%%%%
@book{busemeyer2012quantum,
  title={Quantum models of cognition and decision},
  author={Busemeyer, Jerome R and Bruza, Peter D},
  year={2012},
  publisher={Cambridge University Press}
}
@inproceedings{aertsquantum,
  title={Quantum Cognition: History and New Perspectives},
  author={Aerts, Diederik and Sozzo, Sandro and Veloz, Tomas},
  booktitle={Book of Abstracts},
  pages={1}
}
%%%%%%%%%%%%%%%%%%%%%%%%%%%%%%%%%%%%%%%
@article{aaronsonquantum,
  title={Quantum Machine Learning Algorithms: Read the Fine Print},
  author={Aaronson, Scott}
}
@article{aerts2013quantum,
  title={The quantum challenge in concept theory and natural language processing},
  author={Aerts, Diederik and Broekaert, Jan and Sozzo, Sandro and Veloz, Tomas},
  journal={arXiv preprint arXiv:1306.2838},
  year={2013}
}
@article{wiebe2015quantum,
  title={Quantum Inspired Training for Boltzmann Machines},
  author={Wiebe, Nathan and Kapoor, Ashish and Granade, Christopher and Svore, Krysta M},
  journal={arXiv preprint arXiv:1507.02642},
  year={2015}
}
@article{wiebe2014quantum_a,
  title={Quantum Deep Learning},
  author={Wiebe, Nathan and Kapoor, Ashish and Svore, Krysta M},
  journal={arXiv preprint arXiv:1412.3489},
  year={2014}
}
@article{wiebe2014quantum_b,
  title={Quantum Algorithms for Nearest-Neighbor Methods for Supervised and Unsupervised Learning},
  author={Wiebe, Nathan and Kapoor, Ashish and Svore, Krysta},
  journal={arXiv preprint arXiv:1401.2142},
  year={2014}
}
@article{rebentrost2014quantum,
  title={Quantum support vector machine for big data classification},
  author={Rebentrost, Patrick and Mohseni, Masoud and Lloyd, Seth},
  journal={Physical review letters},
  volume={113},
  number={13},
  pages={130503},
  year={2014},
  publisher={APS}
}
@article{schuld2015introduction,
  title={An introduction to quantum machine learning},
  author={Schuld, Maria and Sinayskiy, Ilya and Petruccione, Francesco},
  journal={Contemporary Physics},
  volume={56},
  number={2},
  pages={172--185},
  year={2015},
  publisher={Taylor \& Francis}
}
@article{lloyd2013quantum,
  title={Quantum algorithms for supervised and unsupervised machine learning},
  author={Lloyd, Seth and Mohseni, Masoud and Rebentrost, Patrick},
  journal={arXiv preprint arXiv:1307.0411},
  year={2013}
}
%%%%%%%%%%%%%%%%%%%%%%%%%%%%%%%%%%%%%
@inproceedings{blacoe2013quantum,
  title={A Quantum-Theoretic Approach to Distributional Semantics.},
  author={Blacoe, William and Kashefi, Elham and Lapata, Mirella},
  year={2013}
}
@article{kartsaklis2014study,
  title={A study of entanglement in a categorical framework of natural language},
  author={Kartsaklis, Dimitri and Sadrzadeh, Mehrnoosh},
  journal={arXiv preprint arXiv:1405.2874},
  year={2014}
}